<record><leader>00000cas a22000007a 4500</leader><controlfield tag="001">10958047</controlfield><controlfield tag="008">840717d18851967nhuwr ne      0    0eng  </controlfield><controlfield tag="009">466</controlfield><datafield ind1=" " ind2=" " tag="010"><subfield code="a">sn 84020515 </subfield></datafield><datafield ind1=" " ind2=" " tag="040"><subfield code="a">DLC</subfield><subfield code="b">eng</subfield><subfield code="c">DLC</subfield><subfield code="d">NPU</subfield><subfield code="d">NVH</subfield><subfield code="d">MGN</subfield></datafield><datafield ind1="1" ind2=" " tag="029"><subfield code="a">AU@</subfield><subfield code="b">000025811144</subfield></datafield><datafield ind1=" " ind2=" " tag="042"><subfield code="a">msc</subfield></datafield><datafield ind1="0" ind2="0" tag="050"><subfield code="a">Newspaper 8734</subfield></datafield><datafield ind1="0" ind2=" " tag="130"><subfield code="a">Hanover gazette (Hanover, N.H.)</subfield></datafield><datafield ind1="0" ind2="0" tag="245"><subfield code="a">Hanover gazette.</subfield></datafield><datafield ind1=" " ind2=" " tag="260"><subfield code="a">Hanover, N.H. :</subfield><subfield code="b">P.H. Whitcomb,</subfield></datafield><datafield ind1=" " ind2=" " tag="300"><subfield code="a">v.</subfield></datafield><datafield ind1=" " ind2=" " tag="310"><subfield code="a">Weekly</subfield></datafield><datafield ind1="0" ind2=" " tag="362"><subfield code="a">Vol. 1, no. 1 (May 23, 1885)-v. 73, no. 42 (Oct. 26, 1967).</subfield></datafield><datafield ind1=" " ind2=" " tag="500"><subfield code="a">Published in Lebanon, N.H., Aug. 2, 1934-Oct. 26, 1967.</subfield></datafield><datafield ind1=" " ind2=" " tag="752"><subfield code="a">United States</subfield><subfield code="b">New Hampshire</subfield><subfield code="c">Grafton</subfield><subfield code="d">Lebanon.</subfield></datafield><datafield ind1=" " ind2=" " tag="752"><subfield code="a">United States</subfield><subfield code="b">New Hampshire</subfield><subfield code="c">Grafton</subfield><subfield code="d">Hanover.</subfield></datafield><datafield ind1="0" ind2="7" tag="785"><subfield code="t">Granite state free press</subfield><subfield code="w">(DLC)sn 84023179</subfield></datafield><datafield ind1="0" ind2="7" tag="785"><subfield code="t">Granite state gazette</subfield><subfield code="w">(DLC)sn 90062107</subfield></datafield></record>